% ------------------------------------------------------------------------
% SAMPLE BIBLIOGRAPHY FILE
% ------------------------------------------------------------------------
@misc{cve-2008-1368,
  key =          {CVE-2008-1368},
  title =        {Publication quality tables in \LaTeX*},
  howpublished = {},
  institution  = {NIST},
  day =       17,
  month =     {March},
  year =         2008,
  note =         {[online] \url{http://nvd.nist.gov/nvd.cfm?cvename=CVE-2008-1368}},
  url = {http://nvd.nist.gov/nvd.cfm?cvename=CVE-2008-1368}
}

@MISC{prime-number-theorem,
   author = "Charles Louis Xavier Joseph de la Vall{\'e}e Poussin",
   note = "A strong form of the prime number theorem, 19th century" }

% ------------------------------------------------------------------------

@BOOK{texbook,
   author = "Donald E. Knuth",
   title= "The {{\TeX}book}",
   publisher = "Addison-Wesley",
   year = 1984 }

@BOOK{latex,
   author = "Leslie Lamport",
   title = "{\LaTeX:} {A} Document Preparation System",
   publisher = "Addison-Wesley",
   year = 1986 }

% ------------------------------------------------------------------------
@article{Frisen1969,
author = {Frisen, Marianne and Magi, Magesh and Sonnerup, L and Viidik, Andrus},
journal = {Journal of Biomechanics},
number = {1},
pages = {21--28},
title = {Rheological analysis of soft col- lagenous tissue. part ii: experimental evaluations and verifications},
url = {10.1016/0021-9290(69)90037-2},
volume = {2},
year = {1996}
}

@article{Kempson1973,
author = {Kempson, G.E. and Muir, Helen and Pollard, M and Tuke, M},
journal = {Biochimica et Biophysica Acta (BBA) - General Subjects},
number = {2},
pages = {456--472},
title = {The tensile properties of the cartilage of human femoral condyles related to the content of collagen and glycosaminoglycans},
url = {https://doi.org/10.1016/0304-4165(73)90093-7},
volume = {297},
year = {1973}
}

@article{Parodi1972,
author = {Parodi, Eduardo N. and Kaiser, Gerard A. and Wolff, Marianne and Kovalik, A.T.W and Malm, James},
journal = {Journal of Surgical Research},
number = {2},
pages = {99--104},
title = {Comparative study of the tensile strength of autogenous systemic veins and preserved venous homografts},
url = {https://doi.org/10.1016/0022-4804(72)90128-X},
volume = {12},
year = {1972}
}

@article{Whitesides2001,
author = {Whitesides, George M. and Ostuni, Emmanuele and Takayama, Shuichi and Jiang, Xingyu Marianne and Ingber, Donaled E.},
journal = {Annual Review of Biomedical Engineering},
number = {},
pages = {335-373},
title = {Soft lithography in biology and biochemistry},
url = {https://doi.org/10.1016/0022-4804(72)90128-X},
volume = {3},
year = {2001}
}

@article{Vilet2003,
author = {Vilet, Krystyn J. van and Bao, Gang and Suresh Sagadevan},
journal = {Annual Review of Biomedical Engineering},
number = {19},
pages = {5881-5905},
title = {The biomechanics toolbox: experimental approaches for living cells and biomolecules},
url = {https://doi.org/10.1016/j.actamat.2003.09.001},
volume = {51},
year = {2003}
}

@article{Folch2000,
author = {Folch, Albert and Jo, Byung-Ho and Hurtado, Octavio and Beebe, David},
journal = {Annual Review of Biomedical Engineering},
number = {2},
pages = {346â€“353},
title = {Microfabricated elastomeric stencils for micropatterning cell cultures},
url = {https://doi.org/10.1002/1097-4636(200011)52:2<346::AID-JBM14>3.0.CO;2-H},
volume = {52},
year = {2000}
}

@article{Nianzhen2003,
author = {Nianzhen, Li and Tourovskaia, Anna and Folch, Albert},
journal = {Critical Reviews in Biomedical Engineering},
number = {5-6},
pages = {423-488},
title = {Biology on a chip: microfabrication for studying the behavior of cultured cells},
url = {},
volume = {31},
year = {2003}
}

@article{Ashraf2011,
author = {Ashraf, Muhammad Waseem and Tayyaba, Shahzadi and Afzulpurkar Nitin},
journal = {International Journal of Molecular Sciences},
number = {6},
pages = {3648-704},
title = {Micro Electromechanical Systems (MEMS) Based Microfluidic Devices for Biomedical Applications},
url = {10.3390/ijms12063648},
volume = {12},
year = {2011}
}

@article{Warnat2016,
author = {Wournat, Stephen and King, H and Wasay, A and Hubbard, T},
journal = {Journal of Micromechanics and Microengineering},
number = {9},
pages = {},
title = {Micro Electromechanical Systems (MEMS) Based Microfluidic Devices for Biomedical Applications},
url = {10.3390/ijms12063648},
volume = {26},
year = {2016}
}

@ARTICLE{Sounart2005, 
author={T.L. Sounart and T.A. Michalske and K.R. Zavadil}, 
journal={Journal of Microelectromechanical Systems}, 
title={Frequency-dependent electrostatic actuation in microfluidic MEMS}, 
year={2005}, 
volume={14}, 
number={1}, 
pages={125-133}, 
doi={10.1109/JMEMS.2004.839006}, 
ISSN={1057-7157}, 
}

@ARTICLE{Panchawagh2009, 
author={H.V. Panchawagh and T.L. Sounart and R.L. Mahajan}, 
journal={Journal of Microelectromechanical Systems}, 
title={A Model for Electrostatic Actuation in Conducting Liquids}, 
year={2009}, 
volume={18}, 
number={5}, 
pages={1105-1117}, 
doi={10.1109/JMEMS.2009.2025552}
}

@article{Mukundan2009, 
author={V. Mukundan and B.L. Pruitt}, 
journal={Journal of Microelectromechanical Systems}, 
title={MEMS Electrostatic Actuation in Conducting Biological Media}, 
year={2009}, 
volume={18}, 
number={2}, 
pages={405-413}, 
doi={10.1109/JMEMS.2009.2013398}, 
ISSN={1057-7157}
}

@article{MukundanandPonce2009,
  author={V. Mukundan and P. Ponce and H.E. Butterfield and B.L. Pruitt},
  title={Modeling and characterization of electrostatic comb-drive actuators in conducting liquid media},
  journal={Journal of Micromechanics and Microengineering},
  volume={19},
  number={6},
  pages={065008},
  doi={10.1109/JMEMS.2009.2025552},
  year={2009},
}

@article{Pertuz2013,
  author={Pertuz, Said and Puig, Domenec and H.E. Butterfield and Garcia, Miguel Angel},
  title={Analysis of focus measure operators for shape-from-focus},
  journal={Pattern Recognition},
  volume={46},
  number={5},
  pages={1415-1432},
  doi={https://doi.org/10.1016/j.patcog.2012.11.011},
  year={2013},
}

@article{Nazareth2002,
  author={Nazareth, Larry and Tseng, Paul},
  title={
Gilding the Lily: A Variant of the Nelder-Mead Algorithm Based on Golden-Section Search},
  journal={Computational Optimization and Applications},
  volume={22},
  number={1},
  pages={133-144},
  doi={https://doi.org/10.1023/A:1014842520519},
  year={2002},
}

@article{Druzgalski2013,
author = {Druzgalski, Clara L. and Andersen,Mathias B.  and Mani,Ali},
title = {Direct numerical simulation of electroconvective instability and hydrodynamic chaos near an ion-selective surface},
journal = {Physics of Fluids},
volume = {25},
number = {11},
pages = {110804},
year = {2013},
doi = {10.1063/1.4818995},
}

@article{Ye1998, 
author={Wenjing Ye and S. Mukherjee and N. C. MacDonald}, 
journal={Journal of Microelectromechanical Systems}, 
title={Optimal shape design of an electrostatic comb drive in microelectromechanical systems}, 
year={1998}, 
volume={7}, 
number={1}, 
pages={16-26}, 
doi={10.1109/84.661380}, 
}

@article{Bazant2004,
  title={Diffuse-charge dynamics in electrochemical systems.},
  author={Martin Z. Bazant and Katsuyo Thornton and Armand Ajdari},
  journal={Physical review. E, Statistical, nonlinear, and soft matter physics},
  year={2004},
  volume={70 2 Pt 1},
  pages={021506}
}
%--------------------------------
%--------------------------------
@misc{Dibua2018DataCollect,
  author = {O. Dibua},
  title = {Automated Data Collection and Processing of Comb-Drive in Electrolytes},
  year = {2018},
  publisher = {GitHub},
  journal = {GitHub repository},
  howpublished = {\url{https://zenodo.org/record/1214266#.Wsu8ZdPwau4}},
}

@BOOK{GW2008,
 author={Rafael C. Gonzalez and Richard E. Woods},
 title={Digital Processing},
 publisher={Springer-Verlag},
 address={New York},
 year={1973},
}

@BOOK{Aup91,
 author={B. Aupetit},
 title={A {Primer} on {Spectral} {Theory}},
 publisher={Pearson},
 address={New Jersey},
 year={2008},
}

@BOOK{Dou72,
 author={R. G. Douglas},
 title={Banach {Algebra} {Techniques} in {Operator} {Theory}},
 publisher={Academic Press},
 address={New York},
 year={1972},
}

@BOOK{Hal82,
 author={P. R. Halmos},
 title={A {Hilbert} {Space} {Problem} {Book}},
 edition={Second},
 publisher={Springer-Verlag},
 address={New York},
 year={1982},
}

@BOOK{Rud73,
 author={W. Rudin},
 title={Functional {Analysis}},
 publisher={McGraw-Hill},
 address={New York},
 year={1973},
}

@BOOK{Con90,
 author={J. B. Conway},
 title={A {Course} in {Functional} {Analysis}},
 edition={Second},
 publisher={Springer-Verlag},
 address={New York},
 year={1990},
}

@BOOK{Con78,
 author={J. B. Conway},
 title={Functions of {One} {Complex} {Variable}},
 publisher={Springer-Verlag},
 address={New York},
 year={1978},
}

@BOOK{KR83,
 author={R. V. Kadison and J. R. Ringrose},
 title={Fundamentals of the {Theory} of {Operator} {Algebras},
        {Part} {I}},
 publisher={Academic Press},
 address={New York},
 year={1983},
}

@BOOK{KR86,
 author={R. V. Kadison and J. R. Ringrose},
 title={Fundamentals of the {Theory} of {Operator} {Algebras},
        {Part} {II}},
 publisher={Academic Press},
 address={New York},
 year={1986},
}

@INBOOK{SFPT,
 author={N. Dunford and J. T. Schwartz},
 title={Linear {Operators},
        {Part} {I}: {General} {Theory}},
 pages={456},
 publisher={Interscience},
 address={New York},
 year={1957},
}

@BOOK{DS57,
 author={N. Dunford and J. T. Schwartz},
 title={Linear {Operators},
        {Part} {I}: {General} {Theory}},
 publisher={Interscience},
 address={New York},
 year={1957},
}

@BOOK{Gan59,
 author={F. R. Gantmacher},
 title={Applications of the {Theory} of {Matrices}},
 publisher={Interscience},
 address={New York},
 year={1959},
}

@BOOK{Pau86,
 author={Vern I. Paulsen},
 title={Completely bounded maps and dilations},
 series={Pitman Research Notes in Mathematics Series},
 volume={146},
 publisher={Longman Scientific \& Technical},
 address={Harlow UK},
 year={1986},
}

@BOOK{Dav88,
 author={Kenneth R. Davidson},
 title={Nest algebras},
 series={Pitman Research Notes in Mathematics Series},
 volume={191},
 publisher={Longman Scientific \& Technical},
 address={Harlow UK},
 year={1988},
}

@BOOK{Spi65,
 author={Michael Spivak},
 title={Calculus on {Manifolds}},
 publisher={The Benjamin/Cummings Publishing Company},
 address={New York},
 year={1965},
}

@BOOK{Dev68,
 author={Allen Devinaz},
 title={Advanced {Calculus}},
 publisher={Holt, Rinehart and Winston},
 address={New York},
 year={1968},
}

@BOOK{Gam90,
 editor={R. V. Gamkerlidze},
 title={Analysis {I}{I}: {Convex} {Analysis} and
        {Approximation} {Theory}},
 series={Encyclopaedia of Mathematical Sciences},
 volume={14},
 publisher={Springer-Verlag},
 address={New York},
 year={1990},
}

@BOOK{Hen93,
 author={Peter Henderson},
 title={Object-oriented specification and design with {C}$++$},
 publisher={McGraw-Hill},
 address={London},
 year={1993},
}

% ------------------------------------------------------------------------

@ARTICLE{Rea85,
 author={C. J. Read},
 title={A solution to the invariant subspace problem on the space $l_1$},
 journal={Bull. London Math. Soc.},
 volume={17},
 year={1985},
 pages={305-317},
}

@ARTICLE{Enf87,
 author={P. Enflo},
 title={On the invariant subspaces problem for {Banach} spaces},
 journal={Acta. Math.},
 note={Seminare Maurey-Schwartz (1975-1976)},
 volume={158},
 year={1987},
 pages={213-313},
}

@ARTICLE{Dau75,
 author={J. Daughtry},
 title={An invariant subspace theorem},
 journal={Proc. Amer. Math. Soc.},
 volume={49},
 year={1975},
 pages={267-268},
}

@ARTICLE{KPS75,
 author={H. W. Kim and C. Pearcy and A. L. Shields},
 title={Rank-One Commutators and Hyperinvariant Subspaces},
 journal={Michigan Math. J.},
 volume={22},
 number={3},
 year={1975},
 pages={193-194},
}

% --------------------------------------------------------------------------

@ARTICLE{Rad87,
 author={H. Radjavi},
 title={The {Engel}-{Jacobson} {Theorem} {Revisited}},
 journal={J. Alg.},
 volume={111},
 year={1987},
 pages={427-430},
}

@ARTICLE{MOR91,
 author={B. Mathes and M. Omladi\v{c} and H. Radjavi},
 title={Linear {Spaces} of {Nilpotent} {Operators}},
 journal={Linear Algebra Appl.},
 volume={149},
 year={1991},
 pages={215-225},
}

@ARTICLE{Lom73,
 author={V. I. Lomonosov},
 title={Invariant subspaces for operators commuting with compact
        operators},
 journal={Functional Anal. Appl.},
 volume=7,
 year=1973,
 pages="213-214",
}

@ARTICLE{Lom91,
 author={V. I. Lomonosov},
 title={An extension of {Burnside}'s theorem to infinite
        dimensional spaces},
 journal={Israel J. Math},
 volume=75,
 year=1991,
 pages="329-339",
}

@ARTICLE{Lom92,
 author={V. I. Lomonosov},
 title={On {Real} {Invariant} {Subspaces} of {Bounded} {Operators} with
       {Compact} {Imaginary} {Part}},
 journal={Proc. Amer. Math. Soc.},
 volume=115,
 number=3,
 month=jul,
 year=1992,
 pages="775-777",
}

@ARTICLE{dB59,
 author={L. de Branges},
 title={The {Stone}-{Weierstrass} {Theorem}},
 journal={Proc. Amer. Math. Soc.},
 volume=10,
 year=1959,
 pages="822-824",
}

@ARTICLE{dB93,
 author={L. de Branges},
 title={A construction of invariant subspaces},
 journal={Math. Nachr.},
 volume=163,
 year=1993,
 pages="163-175",
}

@ARTICLE{AAB95,
 author={Y. A. Abramovich and C. D. Aliprantis and O. Burkinshaw},
 title={Another Characterization of the Invariant Subspace Problem},
 journal={Operator Theory in Function Spaces and Banach Lattices.
          {\em The A.C.\,Zaanen Anniversary Volume},
          Operator Theory: Advances and Applications},
 volume={75},
 year={1995},
 pages={15-31},
 note={Birkh\"auser Verlag},
}

@ARTICLE{LM65,
 author={Ju. I. Ljubi\v{c} and V. I. Macaev},
 title={On Operators with a Separable Spectrum},
 journal={Amer. Math. Soc. Transl. (2)},
 volume={47},
 year={1965},
 pages={89-129},
}

% ------------------------------------------------------------------------

@MASTERSTHESIS{Sim90,
 author={A. Simoni\v{c}},
 title={Grupe Operatorjev s Pozitivnim Spektrom},
 school={Univerza v Ljubljani, FNT, Oddelek za Matematiko},
 year={1990},
}

@UNPUBLISHED{Sim91,
 author={A. Simoni\v{c}},
 title={Notes on {Subharmonic} {Functions}},
 note={Lecture Notes, Dalhousie University,
       Department of Mathematics, Statistics, \& Computing Science},
 year={1991},
}

@ARTICLE{Sim92,
 author={A. Simoni\v{c}},
 title={Matrix {Groups} with {Positive} {Spectra}},
 journal={Linear Algebra Appl.},
 volume={173},
 year={1992},
 pages={57-76},
}

@PHDTHESIS{Sim94,
 author={A. Simoni\v{c}},
 title={An {Extension} of {Lomonosov's} {Techniques} to {Non}-{Compact}
       {Operators}},
 school={Dalhousie University,
         Department of Mathematics, Statistics, \& Computing Science},
 year={1994},
}

@ARTICLE{Sim96a,
 author={A. Simoni\v{c}},
 title={A {Construction} of {Lomonosov} {Functions} and
       {Applications} to the {Invariant} {Subspace} {Problem}},
 journal={Pacific J. Math.},
 volume={175},
 pages={257-270},
 year={1996},
}

@ARTICLE{Sim96b,
 author={A. Simoni\v{c}},
 title={An extension of {Lomonosov's} {Techniques} to non-compact
       {Operators}},
 journal={Trans. Amer. Math. Soc.},
 volume={348},
 pages={975-995},
 year={1996},
}

% ------------------------------------------------------------------------